@Manual{tns,
author = {TNS Polska},
title = {Ranking inwestycji deweloperskich - raport dla serwisu otodom},
publisher = {Publisher},
year = {2015},
}
